@book{algorithms_1,
  title={Introduction to algorithms},
  author={Cormen, Thomas H and Leiserson, Charles E and Rivest, Ronald L and Stein, Clifford},
  year={2022},
  publisher={MIT press}
}
@book{algorithms_2,
  title={Algorithms},
  author={Dasgupta, Sanjoy and Papadimitriou, Christos H and Vazirani, Umesh Virkumar},
  year={2008},
  publisher={McGraw-Hill Higher Education New York}
}
